<record xmlns="http://www.loc.gov/MARC21/slim" xmlns:xsi="http://www.w3.org/2001/XMLSchema-instance" xsi:schemaLocation="http://www.loc.gov/MARC21/slim http://www.loc.gov/standards/marcxml/schema/MARC21slim.xsd">

  <leader>00598nam a2200181Ia 4500</leader>
  <controlfield tag="008">150715b1995    us ||||| |||| 00| | spa d</controlfield>
  <datafield tag="020" ind1=" " ind2=" ">
    <subfield code="a">0827034202</subfield>
  </datafield>
  <datafield tag="090" ind1=" " ind2=" ">
    <subfield code="a">08.16.01 </subfield>
    <subfield code="b">737</subfield>
  </datafield>
  <datafield ind2=" " tag="100" ind1="1">
    <subfield code="a">Tennant, Roy</subfield>
    <subfield code="9">349</subfield>
  </datafield>
  <datafield ind2="0" tag="245" ind1="1">
    <subfield code="a">Cruzando el umbral de la INTERNET : un manual instructivo / </subfield>
    <subfield code="c">Roy Tennant, John Ober y Anne G. Lipow ; traducido por José Ordoñez, Absalón Escobar y Nohora C. Díaz</subfield>
  </datafield>
  <datafield ind2=" " ind1=" " tag="260">
    <subfield code="a">Washington : </subfield>
    <subfield code="b">OEA, </subfield>
    <subfield code="c">1995</subfield>
  </datafield>
  <datafield ind1=" " tag="300" ind2=" ">
    <subfield code="a">159 páginas</subfield>
  </datafield>
  <datafield ind1="1" tag="650" ind2="4">
    <subfield code="a">INTERNET </subfield>
    <subfield code="9">350</subfield>
  </datafield>
  <datafield tag="650" ind1="1" ind2="4">
    <subfield code="a">REDES</subfield>
    <subfield code="9">351</subfield>
  </datafield>
  <datafield ind2=" " ind1=" " tag="700">
    <subfield code="a">Ober, John</subfield>
    <subfield code="9">352</subfield>
  </datafield>
  <datafield tag="700" ind1=" " ind2=" ">
    <subfield code="a">Lipow, Anne G.</subfield>
    <subfield code="9">353</subfield>
  </datafield>
  <datafield ind2=" " tag="942" ind1=" ">
    <subfield code="2">z</subfield>
    <subfield code="c">01</subfield>
  </datafield>
  <datafield ind2=" " tag="999" ind1=" ">
    <subfield code="c">45</subfield>
    <subfield code="d">45</subfield>
  </datafield>
</record>